<?xml version="1.0" encoding="UTF-8"?><record xmlns="http://www.loc.gov/MARC21/slim" xmlns:cinclude="http://apache.org/cocoon/include/1.0" xmlns:zs="http://www.loc.gov/zing/srw/">
  <leader>00528nz  a2200133n  4500</leader>
  <controlfield tag="001">no2004077041</controlfield>
  <controlfield tag="003">DLC</controlfield>
  <controlfield tag="005">20040813051751.0</controlfield>
  <controlfield tag="008">040812n| acannaabn          |n aaa      </controlfield>
  <datafield tag="010" ind1=" " ind2=" ">
    <subfield code="a">no2004077041</subfield>
  </datafield>
  <datafield tag="035" ind1=" " ind2=" ">
    <subfield code="a">(OCoLC)oca06415194</subfield>
  </datafield>
  <datafield tag="040" ind1=" " ind2=" ">
    <subfield code="a">DLC-ON</subfield>
    <subfield code="b">eng</subfield>
    <subfield code="c">DLC-ON</subfield>
  </datafield>
  <datafield tag="100" ind1="1" ind2=" ">
    <subfield code="a">Sundaram, N. M.</subfield>
  </datafield>
  <datafield tag="670" ind1=" " ind2=" ">
    <subfield code="a">Global finance capital on rampage, 2002:</subfield>
    <subfield code="b">t.p. (N.M. Sundaram) p. 4 of cover (general secy., All India Insurance Employees' Association; directorate committee member of the Trade Union International of Public and Allied Employees)</subfield>
  </datafield>
</record>